%% Created using Papers on Thu, 09 Oct 2014.
%% http://papersapp.com/papers/

@article{Kang:2012vv,
author = {Kang, U and Tong, Hanghang and Sun, Jimeng and Lin, Ching-Yung and Faloutsos, Christos},
title = {{gbase: an efficient analysis platform for large graphs}},
journal = {The VLDB Journal --- The International Journal on Very Large Data Bases},
year = {2012},
volume = {21},
number = {5},
month = oct
}

@inproceedings{Koutra:2011wa,
author = {Koutra, Danai and Ke, Tai-You and Kang, U and Chau, Duen Horng and Pao, Hsing-Kuo Kenneth and Faloutsos, Christos},
title = {{Unifying guilt-by-association approaches: theorems and fast algorithms}},
booktitle = {ECML PKDD'11: Proceedings of the 2011 European conference on Machine learning and knowledge discovery in databases},
year = {2011},
publisher = { Springer-Verlag},
month = sep
}

@inproceedings{Kang:2011vk,
author = {Kang, U and Meeder, Brendan and Faloutsos, Christos},
title = {{Spectral analysis for billion-scale graphs: discoveries and implementation}},
booktitle = {PAKDD'11: Proceedings of the 15th Pacific-Asia conference on Advances in knowledge discovery and data mining},
year = {2011},
publisher = { Springer-Verlag},
month = may
}

@article{Kang:2011jg,
author = {Kang, U and Tsourakakis, Charalampos E and Appel, Ana Paula and Faloutsos, Christos and Leskovec, Jure},
title = {{HADI: Mining Radii of Large Graphs}},
journal = {Transactions on Knowledge Discovery from Data (TKDD},
year = {2011},
volume = {5},
number = {2},
month = feb
}

@article{Kang:2011ve,
author = {Kang, U and Tsourakakis, Charalampos E and Faloutsos, Christos},
title = {{Pegasus: mining peta-scale graphs}},
journal = {Knowledge and information systems},
year = {2011},
volume = {27},
number = {2},
pages = {303--325}
}

@article{AlvarezHamelin:2005vc,
author = {Alvarez-Hamelin, Jos{\'e} Ignacio and Dall'Asta, Luca and Barrat, Alain and Vespignani, Alessandro},
title = {{k-core decomposition: a tool for the visualization of large scale networks}},
journal = {arXiv.org},
year = {2005},
eprint = {cs/0504107v2},
eprinttype = {arxiv},
eprintclass = {cs.NI},
month = apr
}

